<record><leader>00000cas a22000007a 4500</leader><controlfield tag="001">15475921</controlfield><controlfield tag="008">870402d18uu1912pauwr ne      0    0eng d</controlfield><datafield ind1=" " ind2=" " tag="010"><subfield code="a">sn 87080512 </subfield></datafield><datafield ind1=" " ind2=" " tag="040"><subfield code="a">NPH</subfield><subfield code="b">eng</subfield><subfield code="c">NPH</subfield><subfield code="d">OCLCQ</subfield></datafield><datafield ind1=" " ind2=" " tag="042"><subfield code="a">msc</subfield></datafield><datafield ind1="0" ind2="0" tag="245"><subfield code="a">Norristown register and Montgomery County advertiser.</subfield></datafield><datafield ind1="1" ind2="7" tag="246"><subfield code="a">Norristown weekly register</subfield></datafield><datafield ind1="1" ind2="3" tag="246"><subfield code="a">Norristown register</subfield></datafield><datafield ind1=" " ind2=" " tag="260"><subfield code="a">Norristown, Pa. :</subfield><subfield code="b">Kneule &amp; Son,</subfield><subfield code="c">-1912.</subfield></datafield><datafield ind1=" " ind2=" " tag="300"><subfield code="a">v.</subfield></datafield><datafield ind1=" " ind2=" " tag="310"><subfield code="a">Weekly,</subfield><subfield code="b">-1912</subfield></datafield><datafield ind1=" " ind2=" " tag="321"><subfield code="a">Semiweekly,</subfield><subfield code="b">&lt;1889&gt;</subfield></datafield><datafield ind1="0" ind2=" " tag="362"><subfield code="a">-v. 114, no. 16 (Dec. 10, 1912).</subfield></datafield><datafield ind1=" " ind2=" " tag="588"><subfield code="a">Description based on: Vol. 88, no. 15 (Oct. 8, 1889).</subfield></datafield><datafield ind1=" " ind2=" " tag="752"><subfield code="a">United States</subfield><subfield code="b">Pennsylvania</subfield><subfield code="c">Montgomery</subfield><subfield code="d">Norristown.</subfield></datafield><datafield ind1="0" ind2="4" tag="785"><subfield code="t">Norristown daily register</subfield><subfield code="w">(DLC)sn 87078078</subfield></datafield></record>